@misc{bwapi,
  title={An API for interacting with Starcraft: Brood War},
  note={\url{http://github.com/BWAPI/BWAPI}},
  year={2015},
  author={BWAPI}
}

@misc{tl,
  title={Replay->VOD Tool},
  author={djsherman},
  note={\url{http://www.teamliquid.net/forum/brood-war/142828-replay-vod-tool}},
  year={2010}
}

@book{taylor2012raising,
  title={Raising the Stakes: E-sports and the Professionalization of Computer Gaming},
  author={Taylor, TL},
  year={2012},
  publisher={Mit Press}
}

@inproceedings{bosc2014mining,
  title={Mining Balanced Sequential Patterns in RTS Games 1},
  author={Bosc, Guillaume and Kaytoue, Mehdi and Ra{\"\i}ssi, Chedy and Boulicaut, Jean-Fran{\c{c}}ois and Tan, Philip},
  booktitle={ECAI 2014-21st European Conference on Artificial Intelligence},
  year={2014}
}

@inproceedings{low2013mining,
  title={Mining statistically significant sequential patterns},
  author={Low-Kam, C{\'e}cile and Ra{\"\i}ssi, Chedy and Kaytoue, Mehdi and Pei, Jian},
  booktitle={Data Mining (ICDM), 2013 IEEE 13th International Conference on},
  pages={488--497},
  year={2013},
  organization={IEEE}
}

@inproceedings{miikkulainen2007creating,
  title={Creating intelligent agents in games},
  author={Miikkulainen, Risto},
  booktitle={Frontiers of Engineering:: Reports on Leading-Edge Engineering from the 2006 Symposium},
  pages={15},
  year={2007},
  organization={National Academies Press}
}

@inproceedings{mccoy2008integrated,
  title={An Integrated Agent for Playing Real-Time Strategy Games.},
  author={McCoy, Joshua and Mateas, Michael},
  booktitle={AAAI},
  volume={8},
  pages={1313--1318},
  year={2008}
}

@inproceedings{chung2005monte,
  title={Monte Carlo planning in RTS games},
  author={Chung, Michael and Buro, Michael and Schaeffer, Jonathan},
  booktitle={CIG},
  year={2005}
}

@inproceedings{weber2009case, title={Case-Based Reasoning for Build Order in Real-Time Strategy Games.}, author={Weber, Ben George and Mateas, Michael}, booktitle={AIIDE}, year={2009} }

@article{forbus2002qualitative,
  title={How qualitative spatial reasoning can improve strategy game AIs},
  author={Forbus, Kenneth D and Mahoney, James V and Dill, Kevin},
  journal={IEEE Intelligent Systems},
  volume={17},
  number={4},
  pages={25--30},
  year={2002}
}

@inproceedings{schadd2007opponent,
  title={Opponent Modeling in Real-Time Strategy Games.},
  author={Schadd, Frederik and Bakkes, Sander and Spronck, Pieter},
  booktitle={GAMEON},
  pages={61--70},
  year={2007}
}
